02RETORNO01COBRANCA       38441300231113002311RAND DO BRASIL COMERCIO INTERN033SANTANDER      29102100000000007469896                                                                                                                                                                                                                                                                                  948000001
1021026974300020438441300231113002311                         00663824                                     50629102100000663820066382400          08112100000025046720330000001000000000000000000000000000000000000000000000000000000000000000000000000000000000000250467200000000000000000000000000 N 011121ELITE ACESSORIOS PARA CELULAR LTDA   00000000000000000000000000000000002504672C           948000002
1021026974300020438441300231113002311                         00664731                                     50629102100000664730066473100          12112100000025760000330000001000000000000000000000000000000000000000000000000000000000000000000000000000000000000257600000000000000000000000000000 N 011121ELITE ACESSORIOS PARA CELULAR LTDA   00000000000000000000000000000000002576000C           948000003
1021026974300020438441300231113002311                         00666017                                     50629102100000666010066601700          14112100000023026000330000001000000000000000000000000000000000000000000000000000000000000000000000000000000000000230260000000000000000000000000000 N 011121ELITE ACESSORIOS PARA CELULAR LTDA   00000000000000000000000000000000002302600C           948000004
1021026974300020438441300231113002311                         00666025                                     50629102100000666020066602500          16112100000023013000330000001000000000000000000000000000000000000000000000000000000000000000000000000000000000000230130000000000000000000000000000 N 011121ELITE ACESSORIOS PARA CELULAR LTDA   00000000000000000000000000000000002301300C           948000005
1021026974300020438441300231113002311                         00666033                                     50629102100000666030066603300          18112100000023000000330000001000000000000000000000000000000000000000000000000000000000000000000000000000000000000230000000000000000000000000000000 N 011121ELITE ACESSORIOS PARA CELULAR LTDA   00000000000000000000000000000000002300000C           948000006
1021026974300020438441300231113002311                         00666319                                     50629102100000666310066631900          14112100000030987000330000001000000000000000000000000000000000000000000000000000000000000000000000000000000000000309870000000000000000000000000000 N 011121INNOVATIS COMERCIO DE VARIEDADES EIR 00000000000000000000000000000000003098700C           948000007
1021026974300020438441300231113002311                         00666327                                     50629102100000666320066632700          19112100000030807000330000001000000000000000000000000000000000000000000000000000000000000000000000000000000000000308070000000000000000000000000000 N 011121INNOVATIS COMERCIO DE VARIEDADES EIR 00000000000000000000000000000000003080700C           948000008
9201033          000000150000003243181900000801                                                  000000000000000000000000000000          000000000000000000000000000000                                                                                                                                                                                                                                948000009
